@inproceedings{bubeck2012best,
  title={The best of both worlds: stochastic and adversarial bandits},
  author={Bubeck, S{\'e}bastien and Slivkins, Aleksandrs},
  booktitle={Conference on Learning Theory},
  pages={42--1},
  year={2012}
}

@inproceedings{abbasi2011improved,
  title={Improved algorithms for linear stochastic bandits},
  author={Abbasi-Yadkori, Yasin and P{\'a}l, D{\'a}vid and Szepesv{\'a}ri, Csaba},
  booktitle={Advances in Neural Information Processing Systems},
  pages={2312--2320},
  year={2011}
}

@article{auer2002finite,
  title={Finite-time analysis of the multiarmed bandit problem},
  author={Auer, Peter and Cesa-Bianchi, Nicolo and Fischer, Paul},
  journal={Machine learning},
  volume={47},
  number={2-3},
  pages={235--256},
  year={2002},
  publisher={Springer}
}

@article{antos2010active,
  title={Active learning in heteroscedastic noise},
  author={Antos, Andr{\'a}s and Grover, Varun and Szepesv{\'a}ri, Csaba},
  journal={Theoretical Computer Science},
  volume={411},
  number={29-30},
  pages={2712--2728},
  year={2010},
  publisher={Elsevier}
}

@article{audibert2009exploration,
  title={Exploration--exploitation tradeoff using variance estimates in multi-armed bandits},
  author={Audibert, Jean-Yves and Munos, R{\'e}mi and Szepesv{\'a}ri, Csaba},
  journal={Theoretical Computer Science},
  volume={410},
  number={19},
  pages={1876--1902},
  year={2009},
  publisher={Elsevier}
}

@article{robbins1952some,
  title={Some aspects of the sequential design of experiments},
  author={Robbins, Herbert},
  journal={Bulletin of the American Mathematical Society},
  volume={58},
  number={5},
  pages={527--535},
  year={1952},
  publisher={Citeseer}
}

@article{Lai:1985:AEA:2609660.2609757,
 author = {Lai, T.L and Robbins, Herbert},
 title = {Asymptotically Efficient Adaptive Allocation Rules},
 journal = {Adv. Appl. Math.},
 issue_date = {March, 1985},
 volume = {6},
 number = {1},
 month = mar,
 year = {1985},
 issn = {0196-8858},
 pages = {4--22},
 numpages = {19},
 url = {http://dx.doi.org/10.1016/0196-8858(85)90002-8},
 doi = {10.1016/0196-8858(85)90002-8},
 acmid = {2609757},
 publisher = {Academic Press, Inc.},
 address = {Orlando, FL, USA},
} 

@inproceedings{bubeck2013bounded,
  title={Bounded regret in stochastic multi-armed bandits},
  author={Bubeck, S{\'e}bastien and Perchet, Vianney and Rigollet, Philippe},
  booktitle={Conference on Learning Theory},
  pages={122--134},
  year={2013}
}

@book{lattimore2018bandit,
  author = {Lattimore, Tor and Szepesv\'{a}ri, Csaba},
  year = {2019},
  publisher = {Cambridge University Press (preprint)},
}

@article{tropp2011freedman,
  title={Freedman's inequality for matrix martingales},
  author={Tropp, Joel},
  journal={Electronic Communications in Probability},
  volume={16},
  pages={262--270},
  year={2011},
  publisher={The Institute of Mathematical Statistics and the Bernoulli Society}
}